@book{pargament_apa_2013,
  title = {APA handbook of psychology, religion, and spirituality (Vol 1): Context, theory, and research},
  shorttitle = {APA handbook of psychology, religion, and spirituality (Vol 1)},
  editor = {Pargament, Kenneth I. and Exline, Julie J. and Jones, James W.},
  year = {2013},
  series = {APA handbook of psychology, religion, and spirituality (Vol 1): Context, theory, and research},
  publisher = {American Psychological Association},
  address = {Washington, DC, US},
  isbn = {978-1-4338-1079-4},
  langid = {english},
  language = {en}
}